@inproceedings{stam_2003,
  title={Real-time fluid dynamics for games},
  author={Stam, Jos},
  booktitleaddon={Proceedings of the Game Developer Conference},
  month={March},
  year={2003}
}

@article{dukowicz_baumgardner_2000,
title = "Incremental Remapping as a Transport/Advection Algorithm",
journal = "Journal of Computational Physics",
volume = "160",
number = "1",
pages = "318 - 335",
year = "2000",
issn = "0021-9991",
doi = "https://doi.org/10.1006/jcph.2000.6465",
url = "http://www.sciencedirect.com/science/article/pii/S0021999100964659",
author = "John K. Dukowicz and John R. Baumgardner"
}